<mx:record xmlns="http://www.w3.org/TR/xhtml1/strict" xmlns:mx="http://www.loc.gov/MARC21/slim" xmlns:xsi="http://www.w3.org/2001/XMLSchema-instance"><mx:leader>00000cz   2200000n  4500</mx:leader><mx:controlfield tag="001">oca00353953 </mx:controlfield><mx:controlfield tag="005">20040325173524.0</mx:controlfield><mx:controlfield tag="008">800717n| acannaabn          |a aaa      </mx:controlfield><mx:datafield ind1=" " ind2=" " tag="010"><mx:subfield code="a">n  79122347 </mx:subfield></mx:datafield><mx:datafield ind1=" " ind2=" " tag="040"><mx:subfield code="a">DLC</mx:subfield><mx:subfield code="c">DLC</mx:subfield><mx:subfield code="d">DLC</mx:subfield><mx:subfield code="d">UPB</mx:subfield><mx:subfield code="d">NjP</mx:subfield><mx:subfield code="d">DLC</mx:subfield></mx:datafield><mx:datafield ind1="0" ind2=" " tag="100"><mx:subfield code="a">Hrotsvitha,</mx:subfield><mx:subfield code="d">ca. 935-ca. 975</mx:subfield></mx:datafield><mx:datafield ind1="0" ind2=" " tag="400"><mx:subfield code="a">Hroswitha von Gandersheim,</mx:subfield><mx:subfield code="d">ca. 935-ca. 975</mx:subfield></mx:datafield><mx:datafield ind1="0" ind2=" " tag="400"><mx:subfield code="a">Roswitha von Gandersheim,</mx:subfield><mx:subfield code="d">ca. 935-ca. 975</mx:subfield></mx:datafield><mx:datafield ind1="0" ind2=" " tag="400"><mx:subfield code="a">Hrosvit von Gandersheim,</mx:subfield><mx:subfield code="d">ca. 935-ca. 975</mx:subfield></mx:datafield><mx:datafield ind1="1" ind2=" " tag="400"><mx:subfield code="a">Gandersheim, Roswitha von,</mx:subfield><mx:subfield code="d">ca. 935-ca. 975</mx:subfield></mx:datafield><mx:datafield ind1="0" ind2=" " tag="400"><mx:subfield code="a">Hrotsvit,</mx:subfield><mx:subfield code="c">of Gandersheim,</mx:subfield><mx:subfield code="d">ca. 935-ca. 975</mx:subfield><mx:subfield code="w">nnaa</mx:subfield></mx:datafield><mx:datafield ind1="0" ind2=" " tag="400"><mx:subfield code="a">Rosvita,</mx:subfield><mx:subfield code="d">ca. 935-ca. 975</mx:subfield></mx:datafield><mx:datafield ind1="0" ind2=" " tag="400"><mx:subfield code="a">Hrotsvitha Gandeshemensis,</mx:subfield><mx:subfield code="d">ca. 935-ca. 975</mx:subfield></mx:datafield><mx:datafield ind1=" " ind2=" " tag="670"><mx:subfield code="a">Dialoghi drammatici, 1986:</mx:subfield><mx:subfield code="b">t.p. (Rosvita)</mx:subfield></mx:datafield><mx:datafield ind1=" " ind2=" " tag="670"><mx:subfield code="a">Her Opera omnia, 2001:</mx:subfield><mx:subfield code="b">t.p. (Hrotsvit)</mx:subfield></mx:datafield><mx:datafield ind1=" " ind2=" " tag="670"><mx:subfield code="a">Gesta Ottonis Imperatoris, 2003:</mx:subfield><mx:subfield code="b">t.p. (Hrotsvitha Gandeshemensis)</mx:subfield></mx:datafield><mx:datafield ind1=" " ind2=" " tag="678"><mx:subfield code="a">b. ca. 935;</mx:subfield><mx:subfield code="a">d. ca. 975</mx:subfield></mx:datafield><mx:datafield ind1=" " ind2=" " tag="999"><mx:subfield code="a">291</mx:subfield></mx:datafield></mx:record>